
@article{berne_biography_official,
    author = "Berne Calcaterra, Nicholas ",
    title = "Biography of Eric Berne",
    year = "",
    journal = "Encyclopædia Britannica",
    publisher = "Encyclopædia Britannica, inc.",
    note = "Dostupné online na \url{
        http://www.ericberne.com/eric_berne_biography/} [30. 12. 2019]"
}
@article{berne_biography_eata,
    author = "Heathcote, Ann",
    title = "Eric Berne - A biographical sketch",
    journal = "EATA - European Association for Transactional Analysis",
    year = "",
    note = "Dostupné online na \url{ https://web.archive.org/web/20180612142921/http://www.eatanews.org/about-ta/eric-berne/} [30. 12. 2019]"
}
@article{berne_wikipedia,
    author = "",
    title = "Eric Berne",
    journal = "Wikipedia.org",
    year = "",
    note = "Dostupné online na \url{ https://en.wikipedia.org/wiki/Eric_Berne} [30. 12. 2019]"
}

@book{sex_v_lidskem_milovani,
    author = "Berne, Eric",
    title = "Sex v lidském milování",
    year = "2017",
    publisher = "Portál, s. r. o.",
    note = "ISBN 978-80-262-1208-9"
}

@book{socialni_psychologie_pro_pedagogy,
    author = "Helus, Zdeněk",
    title = "Sociální psychologie pro pedagogy",
    year = "2015",
    publisher = "Grada Publishing, a. s.",
    note = "ISBN 978-80-247-9817-2"
}

@book{jak_si_lide_hraji,
    author = "Berne, Eric",
    title = "Jak si lidé hrají",
    year = "1970",
    publisher = "Svoboda ",
    note = "ISBN 66-602-22-8-6"
}

@article{interpersonalni_vztahy_slovnik,
    author = "Petrusek, Miloslav",
    title = "Vztahy interpersonální",
    journal = "Sociologická encyklopedie",
    year = "2017",
    note = "Dostupné online na \url{https://encyklopedie.soc.cas.cz/w/Vztahy_interpersonáln%C3%AD} [30. 12. 2019]"
}

@article{teorie_komunikace_slovnik,
    author = "Jirák, Jan",
    title = "Teorie komunikace",
    journal = "Sociologická encyklopedie",
    year = "2018",
    note = "Dostupné online na
    \url{https://encyklopedie.soc.cas.cz/w/Teorie_komunikace} [30. 12. 2019]"
}

@article{translacni_analyza_prirucka,
    author = "Smékal, Vladimír",
    title = "Transakční analýza",
    year = "2001",
    journal = "Studijní materiál - příručka"
}
@article{transakcni_analyza_cata,
    title = "Klíčové pojmy transakční analýzy",
    journal = "Česká asociace transační analýzy - Ta-cata.cz",
    year = "",
    note = "Dostupné online na
    \url{https://ta-cata.cz/transakcni-analyza/} [30. 12. 2019]"
}

@article{everesta,
    author = "",
    title = "Budování vztahu",
    journal = "Elearning.everesta.cz",
    note = "Dostupné online na
    \url{http://elearning.everesta.cz/mod/book/view.php?id=911&chapterid=357} [30. 12. 2019]"
}
@article{svabada_tabulka,
    author = "Svabada, Antonín",
    title = "Transakční analýza - využití poznatků v dlouhodobých vztazích",
    journal = "Závěrečná práce - Pražská psychoterapeutická fakulta",
    year = "2006",
    note = "Dostupné online na
    \url{https://www.pvsps.cz/data/2017/05/30/12/ppf-zp-svabada.pdf?id=269} [31. 12. 2019]"
}
